%%%%%%%%%%%%%%%%%%%%%%%%%%%%
%%% References, listed in chronological order (by year)
%%%%%%%%%%%%%%%%%%%%%%%%%%%%

%Kramers opacity polytropes
@ARTICLE{jones1976,
       author = {{Jones}, C.~A.},
        title = "{Acoustic overstability in a polytropic atmosphere.}",
      journal = {\mnras},
     keywords = {Frequency Stability, Polytropic Processes, Sound Amplification,
        Adiabatic Conditions, Atmospheric Models, Optical Thickness,
        Temperature Gradients, Thermal Diffusion, Solar Physics},
         year = 1976,
        month = Jul,
       volume = {176},
        pages = {145-159},
          doi = {10.1093/mnras/176.1.145},
       adsurl = {https://ui.adsabs.harvard.edu/#abs/1976MNRAS.176..145J},
      adsnote = {Provided by the SAO/NASA Astrophysics Data System}
}



@ARTICLE{hurlburt&all1986,
       author = {{Hurlburt}, Neal E. and {Toomre}, Juri and {Massaguer}, Josep M.},
        title = "{Nonlinear Compressible Convection Penetrating into Stable Layers and
        Producing Internal Gravity Waves}",
      journal = {\apj},
     keywords = {Boundary Layer Stability, Compressible Flow, Convection, Gravity Waves,
        Internal Waves, Stellar Envelopes, Astronomical Models, Boundary
        Value Problems, Magnetohydrodynamic Flow, Nonlinearity, Stellar
        Interiors, Time Dependence, Astrophysics, CONVECTION,
        HYDRODYNAMICS, STARS: INTERIORS},
         year = 1986,
        month = Dec,
       volume = {311},
        pages = {563},
          doi = {10.1086/164796},
       adsurl = {https://ui.adsabs.harvard.edu/#abs/1986ApJ...311..563H},
      adsnote = {Provided by the SAO/NASA Astrophysics Data System}
}

%Early, semi-real radiative transfer treatment in convection
@ARTICLE{edwards1990,
   author = {{Edwards}, J.~M.},
    title = "{Two-dimensional radiative convection in the Eddington approximation}",
  journal = {\mnras},
 keywords = {Computational Astrophysics, Convective Heat Transfer, Eddington Approximation, Radiative Transfer, Stellar Envelopes, Benard Cells, Convection Currents, Multigrid Methods, Perturbation Theory, Thermal Boundary Layer},
     year = 1990,
    month = jan,
   volume = 242,
    pages = {224-234},
      doi = {10.1093/mnras/242.2.224},
   adsurl = {http://adsabs.harvard.edu/abs/1990MNRAS.242..224E},
  adsnote = {Provided by the SAO/NASA Astrophysics Data System}
}

@ARTICLE{anders&brown2017,
       author = {{Anders}, Evan H. and {Brown}, Benjamin P.},
        title = "{Convective heat transport in stratified atmospheres at low and high Mach
        number}",
      journal = {Physical Review Fluids},
     keywords = {Physics - Fluid Dynamics, Astrophysics - Earth and Planetary
        Astrophysics, Astrophysics - Solar and Stellar Astrophysics},
         year = 2017,
        month = Aug,
       volume = {2},
          doi = {10.1103/PhysRevFluids.2.083501},
       adsurl = {https://ui.adsabs.harvard.edu/#abs/2017PhRvF...2h3501A},
      adsnote = {Provided by the SAO/NASA Astrophysics Data System}
}


@ARTICLE{hotta2017,
       author = {{Hotta}, H.},
        title = "{Solar Overshoot Region and Small-scale Dynamo with Realistic Energy Flux}",
      journal = {\apj},
     keywords = {dynamo, stars: interiors, Sun: interior, turbulence, Astrophysics -
        Solar and Stellar Astrophysics},
         year = 2017,
        month = Jul,
       volume = {843},
          doi = {10.3847/1538-4357/aa784b},
       adsurl = {https://ui.adsabs.harvard.edu/#abs/2017ApJ...843...52H},
      adsnote = {Provided by the SAO/NASA Astrophysics Data System}
}


@ARTICLE{kapyla&all2017,
       author = {{K{\"a}pyl{\"a}}, Petri J. and {Rheinhardt}, Matthias and {Brandenburg},
        Axel and {Arlt}, Rainer and {K{\"a}pyl{\"a}}, Maarit J. and
        {Lagg}, Andreas and {Olspert}, Nigul and {Warnecke}, J{\"o}rn},
        title = "{Extended Subadiabatic Layer in Simulations of Overshooting Convection}",
      journal = {\apj},
     keywords = {convection, hydrodynamics, turbulence, Astrophysics - Solar and Stellar
        Astrophysics},
         year = 2017,
        month = Aug,
       volume = {845},
          doi = {10.3847/2041-8213/aa83ab},
       adsurl = {https://ui.adsabs.harvard.edu/#abs/2017ApJ...845L..23K},
      adsnote = {Provided by the SAO/NASA Astrophysics Data System}
}


%ArXiv version -- check if published by the time we publish.
@ARTICLE{kapyla&all2018,
       author = {{K{\"a}pyl{\"a}}, Petri J. and {Viviani}, Mariangela and
        {K{\"a}pyl{\"a}}, Maarit J. and {Brandenburg}, Axel},
        title = "{Effects of a subadiabatic layer on convection and dynamos in spherical
        wedge simulations}",
      journal = {ArXiv e-prints},
     keywords = {Astrophysics - Solar and Stellar Astrophysics},
         year = 2018,
        month = Mar,
archivePrefix = {arXiv},
       eprint = {1803.05898},
       adsurl = {https://ui.adsabs.harvard.edu/#abs/2018arXiv180305898K},
      adsnote = {Provided by the SAO/NASA Astrophysics Data System}
}


