%%%%%%%%%%%%%%%%%%%%%%%%%%%%
%%% References, listed in chronological order (by year)
%%%%%%%%%%%%%%%%%%%%%%%%%%%%

%Kramers opacity polytropes
@ARTICLE{jones1976,
       author = {{Jones}, C.~A.},
        title = "{Acoustic overstability in a polytropic atmosphere.}",
      journal = {\mnras},
     keywords = {Frequency Stability, Polytropic Processes, Sound Amplification,
        Adiabatic Conditions, Atmospheric Models, Optical Thickness,
        Temperature Gradients, Thermal Diffusion, Solar Physics},
         year = 1976,
        month = Jul,
       volume = {176},
        pages = {145-159},
          doi = {10.1093/mnras/176.1.145},
       adsurl = {https://ui.adsabs.harvard.edu/#abs/1976MNRAS.176..145J},
      adsnote = {Provided by the SAO/NASA Astrophysics Data System}
}


@ARTICLE{hurlburt&all1984,
   author = {{Hurlburt}, N.~E. and {Toomre}, J. and {Massaguer}, J.~M.},
    title = "{Two-dimensional compressible convection extending over multiple scale heights}",
  journal = {\apj},
 keywords = {Compressible Flow, Convection, Stellar Atmospheres, Atmospheric Stratification, Computational Fluid Dynamics, Fourier Analysis, Temporal Distribution, Two Dimensional Flow},
     year = 1984,
    month = jul,
   volume = 282,
    pages = {557-573},
      doi = {10.1086/162235},
   adsurl = {http://adsabs.harvard.edu/abs/1984ApJ...282..557H},
  adsnote = {Provided by the SAO/NASA Astrophysics Data System}
}

@ARTICLE{hurlburt&all1986,
       author = {{Hurlburt}, Neal E. and {Toomre}, Juri and {Massaguer}, Josep M.},
        title = "{Nonlinear Compressible Convection Penetrating into Stable Layers and
        Producing Internal Gravity Waves}",
      journal = {\apj},
     keywords = {Boundary Layer Stability, Compressible Flow, Convection, Gravity Waves,
        Internal Waves, Stellar Envelopes, Astronomical Models, Boundary
        Value Problems, Magnetohydrodynamic Flow, Nonlinearity, Stellar
        Interiors, Time Dependence, Astrophysics, CONVECTION,
        HYDRODYNAMICS, STARS: INTERIORS},
         year = 1986,
        month = Dec,
       volume = {311},
        pages = {563},
          doi = {10.1086/164796},
       adsurl = {https://ui.adsabs.harvard.edu/#abs/1986ApJ...311..563H},
      adsnote = {Provided by the SAO/NASA Astrophysics Data System}
}

%Early, semi-real radiative transfer treatment in convection
@ARTICLE{edwards1990,
   author = {{Edwards}, J.~M.},
    title = "{Two-dimensional radiative convection in the Eddington approximation}",
  journal = {\mnras},
 keywords = {Computational Astrophysics, Convective Heat Transfer, Eddington Approximation, Radiative Transfer, Stellar Envelopes, Benard Cells, Convection Currents, Multigrid Methods, Perturbation Theory, Thermal Boundary Layer},
     year = 1990,
    month = jan,
   volume = 242,
    pages = {224-234},
      doi = {10.1093/mnras/242.2.224},
   adsurl = {http://adsabs.harvard.edu/abs/1990MNRAS.242..224E},
  adsnote = {Provided by the SAO/NASA Astrophysics Data System}
}

@ARTICLE{roxburg&simmons1993,
   author = {{Roxburgh}, L.~W. and {Simmons}, J.},
    title = "{Numerical studies of convective penetration in plane parallel layers and the integral constraint}",
  journal = {\aap},
 keywords = {convection - stars: interiors - stars: evolution},
     year = 1993,
    month = sep,
   volume = 277,
    pages = {93},
   adsurl = {http://adsabs.harvard.edu/abs/1993A%26A...277...93R},
  adsnote = {Provided by the SAO/NASA Astrophysics Data System}
}


%Feedback in mantle convection, boussinesq, different power law.
@ARTICLE{dubuffet&all2000,
       author = {{Dubuffet}, Fabien and {Yuen}, David A. and {Yanagawa}, Tomo},
        title = "{Feedback effects of variable thermal conductivity on the cold
        downwellings in high Rayleigh number convection}",
      journal = {Geophysical Research Letters},
     keywords = {Hydrology: Floods, Mathematical Geophysics: Numerical solutions},
         year = 2000,
        month = Sep,
       volume = {27},
        pages = {2981-2984},
          doi = {10.1029/1999GL008423},
       adsurl = {https://ui.adsabs.harvard.edu/#abs/2000GeoRL..27.2981D},
      adsnote = {Provided by the SAO/NASA Astrophysics Data System}
}

@ARTICLE{brandenburg&all2005,
   author = {{Brandenburg}, A. and {Chan}, K.~L. and {Nordlund}, {\AA}. and 
	{Stein}, R.~F.},
    title = "{Effect of the radiative background flux in convection}",
  journal = {Astronomische Nachrichten},
   eprint = {astro-ph/0508404},
 keywords = {Sun: convection, turbulence},
     year = 2005,
    month = oct,
   volume = 326,
    pages = {681-692},
      doi = {10.1002/asna.200510411},
   adsurl = {http://adsabs.harvard.edu/abs/2005AN....326..681B},
  adsnote = {Provided by the SAO/NASA Astrophysics Data System}
}


@BOOK{Cox&Giuli,
   author = {{Weiss}, A. and {Hillebrandt}, W. and {Thomas}, H.-C. and {Ritter}, H.
	},
    title = "{Cox and Giuli's Principles of Stellar Structure}",
booktitle = {Cox and Giuli's  Principles of  Stellar Structure, by A.~Weiss, W.~Hillebrandt, H-C.~Thomas, H.~Ritter.~Cambridge, UK: Cambridge Scientific Publishers Ltd, 2004.},
     year = 2004,
   adsurl = {http://adsabs.harvard.edu/abs/2004cgps.book.....W},
  adsnote = {Provided by the SAO/NASA Astrophysics Data System}
}

@ARTICLE{barekat&brandenburg2014,
   author = {{Barekat}, A. and {Brandenburg}, A.},
    title = "{Near-polytropic stellar simulations with a radiative surface}",
  journal = {\aap},
archivePrefix = "arXiv",
   eprint = {1308.1660},
 primaryClass = "astro-ph.SR",
 keywords = {radiative transfer, hydrodynamics, Sun: atmosphere},
     year = 2014,
    month = nov,
   volume = 571,
      eid = {A68},
    pages = {A68},
      doi = {10.1051/0004-6361/201322461},
   adsurl = {http://adsabs.harvard.edu/abs/2014A%26A...571A..68B},
  adsnote = {Provided by the SAO/NASA Astrophysics Data System}
}

@ARTICLE{anders&brown2017,
       author = {{Anders}, Evan H. and {Brown}, Benjamin P.},
        title = "{Convective heat transport in stratified atmospheres at low and high Mach
        number}",
      journal = {Physical Review Fluids},
     keywords = {Physics - Fluid Dynamics, Astrophysics - Earth and Planetary
        Astrophysics, Astrophysics - Solar and Stellar Astrophysics},
         year = 2017,
        month = Aug,
       volume = {2},
          doi = {10.1103/PhysRevFluids.2.083501},
       adsurl = {https://ui.adsabs.harvard.edu/#abs/2017PhRvF...2h3501A},
      adsnote = {Provided by the SAO/NASA Astrophysics Data System}
}


@ARTICLE{hotta2017,
       author = {{Hotta}, H.},
        title = "{Solar Overshoot Region and Small-scale Dynamo with Realistic Energy Flux}",
      journal = {\apj},
     keywords = {dynamo, stars: interiors, Sun: interior, turbulence, Astrophysics -
        Solar and Stellar Astrophysics},
         year = 2017,
        month = Jul,
       volume = {843},
          doi = {10.3847/1538-4357/aa784b},
       adsurl = {https://ui.adsabs.harvard.edu/#abs/2017ApJ...843...52H},
      adsnote = {Provided by the SAO/NASA Astrophysics Data System}
}


@ARTICLE{kapyla&all2017,
       author = {{K{\"a}pyl{\"a}}, Petri J. and {Rheinhardt}, Matthias and {Brandenburg},
        Axel and {Arlt}, Rainer and {K{\"a}pyl{\"a}}, Maarit J. and
        {Lagg}, Andreas and {Olspert}, Nigul and {Warnecke}, J{\"o}rn},
        title = "{Extended Subadiabatic Layer in Simulations of Overshooting Convection}",
      journal = {\apj},
     keywords = {convection, hydrodynamics, turbulence, Astrophysics - Solar and Stellar
        Astrophysics},
         year = 2017,
        month = Aug,
       volume = {845},
          doi = {10.3847/2041-8213/aa83ab},
       adsurl = {https://ui.adsabs.harvard.edu/#abs/2017ApJ...845L..23K},
      adsnote = {Provided by the SAO/NASA Astrophysics Data System}
}


%ArXiv version -- check if published by the time we publish.
@ARTICLE{kapyla&all2018,
       author = {{K{\"a}pyl{\"a}}, Petri J. and {Viviani}, Mariangela and
        {K{\"a}pyl{\"a}}, Maarit J. and {Brandenburg}, Axel},
        title = "{Effects of a subadiabatic layer on convection and dynamos in spherical
        wedge simulations}",
      journal = {ArXiv e-prints},
     keywords = {Astrophysics - Solar and Stellar Astrophysics},
         year = 2018,
        month = Mar,
archivePrefix = {arXiv},
       eprint = {1803.05898},
       adsurl = {https://ui.adsabs.harvard.edu/#abs/2018arXiv180305898K},
      adsnote = {Provided by the SAO/NASA Astrophysics Data System}
}


